Demographics: segregation
@article{amini2014impact,
  title={The impact of social segregation on human mobility in developing and industrialized regions},
  author={Amini, Alexander and Kung, Kevin and Kang, Chaogui and Sobolevsky, Stanislav and Ratti, Carlo},
  journal={EPJ Data Science},
  volume={3},
  number={1},
  pages={1--20},
  year={2014},
  publisher={Springer Berlin Heidelberg}
}

@article{manduca2015mobile,
  title={Mobile Phone Data as a Means of Stuyding Activity Space Segregation at Scale},
  author={Manduca, Robert and Sturt, Bradley and Gonz{'a}lez, Marta},
  journal={Proc. Netmob},
  year={2015},
}

@article{desu2015untangling,
  title={Untangling the Effects of Residential Segregation on Individual Mobility},
  author={Desu, Suma and Alexander, Lauren and Gonz{'a}lez, Marta},
  journal={Proc. Netmob},
  year={2015},
}

@article{blumenstock2015neighborhood,
  title={Neighborhood and Network Segregation: Ethnic Homophily in a Silently Separate Society},
  author={Blumenstock, Joshua and Toomet, Ott and Ahas, Rein and Saluveer, Erki},
  journal={Proc. NetMob},
  year={2015}
}


Demographics: Inference
@inproceedings{zhong2015where,
 author = {Zhong, Yuan and Yuan, Nicholas Jing and Zhong, Wen and Zhang, Fuzheng and Xie, Xing},
 title = {You Are Where You Go: Inferring Demographic Attributes from Location Check-ins},
 booktitle = {Proceedings of the Eighth ACM International Conference on Web Search and Data Mining},
 series = {WSDM '15},
 year = {2015},
 pages = {295--304},
 numpages = {10},
 publisher = {ACM},
 address = {New York, NY, USA},
}


Bias: Detection
@inproceedings{kliman2015location,
  title={Location, Location, Location: The Impact of Geolocation on Web Search Personalization},
  author={Kliman-Silver, Chloe and Hannak, Aniko and Lazer, David and Wilson, Christo and Mislove, Alan},
  booktitle={Proceedings of the 2015 ACM Conference on Internet Measurement Conference},
  pages={121--127},
  year={2015},
  organization={ACM}
}

@article{goel2015precinct,
  title={Precinct or Prejudice? Understanding Racial Disparities in New York City's Stop-and-Frisk Policy},
  author={Goel, Sharad and Rao, Justin M and Shroff, Ravi},
  journal={ Social Science Research Network},
  year={2015}
}

@inproceedings{Anonymous:2012wi,
author = {Mikians, Jakub and Gyarmati, L{\'a}szl{\'o} and Erramilli, Vijay and Laoutaris, Nikolaos},
title = {{Detecting price and search discrimination on the internet}},
booktitle = {HotNets-XI: Proceedings of the 11th ACM Workshop on Hot Topics in Networks},
year = {2012},
publisher = { ACM  Request Permissions},
month = oct
}

