@inproceedings{Zang:2011hk,
author = {Zang, Hui and Bolot, Jean},
title = {{Anonymization of location data does not work: a large-scale measurement study}},
booktitle = {MobiCom '11: Proceedings of the 17th annual international conference on Mobile computing and networking},
year = {2011},
publisher = { ACM  Request Permissions},
month = sep
}

@inproceedings{Baccelli:2011fy,
author = {Baccelli, Fran{\c c}ois and Bolot, Jean},
title = {{Modeling the economic value of the location data of mobile users}},
booktitle = {INFOCOM, 2011 Proceedings IEEE},
year = {2011},
pages = {1467--1475}
}

@article{deMontjoye:2013ew,
author = {de Montjoye, Yves-Alexandre and Hidalgo, C{\'e}sar A and Verleysen, Michel and Blondel, Vincent D},
title = {{Unique in the Crowd: The privacy bounds of human mobility}},
journal = {Scientific Reports},
year = {2013},
volume = {3}
}

@inproceedings{Riederer:2011ta,
author = {Riederer, Christopher and Erramilli, Vijay and Chaintreau, Augustin and Krishnamurthy, Balachander and Rodriguez, Pablo},
title = {{For sale : your data: by : you}},
booktitle = {HotNets-X: Proceedings of the 10th ACM Workshop on Hot Topics in Networks},
year = {2011},
publisher = { ACM  Request Permissions},
month = nov
}

@inproceedings{Riederer:2013ila,
author = {Riederer, Christopher J and Chaintreau, Augustin and Cahan, Jacob and Erramilli, Vijay},
title = {{Challenges of keyword-based location disclosure}},
booktitle = {WPES '13: Proceedings of the 12th ACM workshop on Workshop on privacy in the electronic society},
year = {2013},
pages = {273--278},
publisher = { ACM  Request Permissions},
address = {New York, New York, USA},
month = nov
}

@inproceedings{riederer2016linking,
  title={Linking Users Across Domains with Location Data: Theory and Validation},
  author={Riederer, Christopher and Kim, Yunsung and Chaintreau, Augustin and Korula, Nitish and Lattanzi, Silvio},
  booktitle={Proceedings of the 25th International Conference on World Wide Web},
  pages={707--719},
  year={2016},
  organization={International World Wide Web Conferences Steering Committee}
}

@inproceedings{Zhang:2014ij,
author = {Zhang, Jiawei and Kong, Xiangnan and Yu, Philip S},
title = {{Transferring heterogeneous links across location-based social networks}},
booktitle = {WSDM '14: Proceedings of the 7th ACM international conference on Web search and data mining},
year = {2014},
pages = {303--312},
publisher = {~ACM  Request Permissions}
}